@Book{VSRTDS,
  Editor         = "Jankowiak, A. and Knobloch, J. and Goslawski, P. and Neumann, N.",
  Title          = "{BESSY VSR -- Technical Design Study}",
  Publisher      = {Helmholtz-Zentrum Berlin f√ºr Materialien und Energie GmbH},
  Year           = "2015",
  Month          = "6",
  Doi = {10.5442/R0001},
  Url = {https://www.helmholtz-berlin.de/media/media/angebote/bibliothek/reports/r0001-bessy-vsr-tds.pdf},
%  Number                   = {to be published},
}

@Book{Wiedemann:1083415,
  Title                    = {{Particle Accelerator Physics; 3rd ed.}},
  Author                   = {Wiedemann, Helmut},
  Publisher                = {Springer},
  Year                     = {2007},
  Address                  = {Berlin},
  Doi                      = {10.1007/978-3-540-49045-6},
  Url                      = {https://cds.cern.ch/record/1083415}
}